<record><leader>00000cas a2200000 a 4500</leader><controlfield tag="001">22143996</controlfield><controlfield tag="008">900725d19591969iluwr ne      0   a0eng c</controlfield><datafield ind1=" " ind2=" " tag="010"><subfield code="a">sn 90054611 </subfield></datafield><datafield ind1=" " ind2=" " tag="040"><subfield code="a">NVF</subfield><subfield code="b">eng</subfield><subfield code="c">NVF</subfield><subfield code="d">NVF</subfield><subfield code="d">OCLCF</subfield><subfield code="d">NVF</subfield><subfield code="d">OCLCO</subfield></datafield><datafield ind1="1" ind2=" " tag="029"><subfield code="a">AU@</subfield><subfield code="b">000020631764</subfield></datafield><datafield ind1=" " ind2=" " tag="042"><subfield code="a">pcc</subfield></datafield><datafield ind1=" " ind2=" " tag="043"><subfield code="a">n-us-il</subfield></datafield><datafield ind1="0" ind2="4" tag="245"><subfield code="a">The Mackinaw Valley news.</subfield></datafield><datafield ind1=" " ind2=" " tag="260"><subfield code="a">Minier, Ill. :</subfield><subfield code="b">Ken and Lucy MacLeod,</subfield><subfield code="c">1959-1969.</subfield></datafield><datafield ind1=" " ind2=" " tag="300"><subfield code="a">v.</subfield></datafield><datafield ind1=" " ind2=" " tag="310"><subfield code="a">Weekly</subfield></datafield><datafield ind1="0" ind2=" " tag="362"><subfield code="a">Vol. 84, no. 41 (Oct. 23, 1959)-</subfield></datafield><datafield ind1="1" ind2=" " tag="362"><subfield code="a">Ceased in 1969.</subfield></datafield><datafield ind1=" " ind2=" " tag="500"><subfield code="a">"Serving the growing Illinois communities of Hopedale, Armington, Minier and Mackinaw."</subfield></datafield><datafield ind1=" " ind2=" " tag="515"><subfield code="a">Continues the numbering of Minier news.</subfield></datafield><datafield ind1=" " ind2=" " tag="580"><subfield code="a">Formed by the union of: Minier news, and: Hopedale journal (Hopedale, Ill. : 1958), and: Mackinaw journal.</subfield></datafield><datafield ind1=" " ind2=" " tag="588"><subfield code="a">Latest issue consulted: 94th year, no. 52 (Dec. 26, 1968).</subfield></datafield><datafield ind1=" " ind2="0" tag="651"><subfield code="a">Hopedale (Ill.)</subfield><subfield code="v">Newspapers.</subfield></datafield><datafield ind1=" " ind2="0" tag="651"><subfield code="a">Armington (Ill.)</subfield><subfield code="v">Newspapers.</subfield></datafield><datafield ind1=" " ind2="0" tag="651"><subfield code="a">Minier (Ill.)</subfield><subfield code="v">Newspapers.</subfield></datafield><datafield ind1=" " ind2="0" tag="651"><subfield code="a">Mackinaw (Ill.)</subfield><subfield code="v">Newspapers.</subfield></datafield><datafield ind1=" " ind2="0" tag="651"><subfield code="a">Tazewell County (Ill.)</subfield><subfield code="v">Newspapers.</subfield></datafield><datafield ind1=" " ind2="7" tag="651"><subfield code="a">Illinois</subfield><subfield code="z">Armington.</subfield><subfield code="2">fast</subfield><subfield code="0">(OCoLC)fst01273509</subfield></datafield><datafield ind1=" " ind2="7" tag="651"><subfield code="a">Illinois</subfield><subfield code="z">Hopedale.</subfield><subfield code="2">fast</subfield><subfield code="0">(OCoLC)fst01234668</subfield></datafield><datafield ind1=" " ind2="7" tag="651"><subfield code="a">Illinois</subfield><subfield code="z">Mackinaw.</subfield><subfield code="2">fast</subfield><subfield code="0">(OCoLC)fst01884009</subfield></datafield><datafield ind1=" " ind2="7" tag="651"><subfield code="a">Illinois</subfield><subfield code="z">Minier.</subfield><subfield code="2">fast</subfield><subfield code="0">(OCoLC)fst01885015</subfield></datafield><datafield ind1=" " ind2="7" tag="651"><subfield code="a">Illinois</subfield><subfield code="z">Tazewell County.</subfield><subfield code="2">fast</subfield><subfield code="0">(OCoLC)fst01206780</subfield></datafield><datafield ind1=" " ind2="7" tag="655"><subfield code="a">Newspapers.</subfield><subfield code="2">fast</subfield><subfield code="0">(OCoLC)fst01423814</subfield></datafield><datafield ind1=" " ind2=" " tag="752"><subfield code="a">United States</subfield><subfield code="b">Illinois</subfield><subfield code="c">Tazewell</subfield><subfield code="d">Minier.</subfield></datafield><datafield ind1="1" ind2="4" tag="780"><subfield code="t">Minier news</subfield><subfield code="w">(DLC)sn 93055918</subfield><subfield code="w">(OCoLC)28240356</subfield></datafield><datafield ind1="1" ind2="4" tag="780"><subfield code="t">Hopedale journal (Hopedale, Ill. : 1958)</subfield><subfield code="w">(DLC)sn 90054606</subfield><subfield code="w">(OCoLC)21947784</subfield></datafield><datafield ind1="1" ind2="4" tag="780"><subfield code="t">Mackinaw journal (Mackinaw, Ill.)</subfield><subfield code="w">(DLC)sn2001063249</subfield><subfield code="w">(OCoLC)47835409</subfield></datafield></record>